SYMBOL,fiscalDateEnding,reportedCurrency,grossProfit,totalRevenue,costOfRevenue,costofGoodsAndServicesSold,operatingIncome,sellingGeneralAndAdministrative,researchAndDevelopment,operatingExpenses,investmentIncomeNet,netInterestIncome,interestIncome,interestExpense,nonInterestIncome,otherNonOperatingIncome,depreciation,depreciationAndAmortization,incomeBeforeTax,incomeTaxExpense,interestAndDebtExpense,netIncomeFromContinuingOperations,comprehensiveIncomeNetOfTax,ebit,ebitda,netIncome
AXNX,2020-12-31,USD,22131000,34562000,12652000,12652000,-10881000,24872000,8140000,33012000,None,-180000,19000,180000,34742000,-445000,None,None,-11348000,0,180000,-11348000,-11165000,-10881000,None,-11348000
AXNX,2020-09-30,USD,21809000,35072000,13434000,13434000,-8769000,22830000,7748000,30578000,None,-180000,35000,180000,35252000,-434000,None,None,-9168000,0,180000,-9168000,-9069000,-8769000,None,-9168000
AXNX,2020-06-30,USD,6750000,15200000,8463000,8463000,-19405000,19757000,6398000,26155000,None,-179000,65000,179000,15200000,-443000,None,None,-19783000,0,179000,-19783000,-19891000,-19405000,None,-19783000
AXNX,2020-03-31,USD,16401000,26061000,9895000,9895000,-14705000,24222000,6884000,31106000,None,-235000,642000,235000,26296000,-552000,None,None,-14615000,1000,235000,-14616000,-14793000,-14705000,None,-14616000
AXNX,2019-12-31,USD,5408000,9732000,4538000,4538000,-22663000,21838000,6233000,28071000,None,-214000,474000,214000,9946000,-562000,None,None,-22751000,0,214000,-22751000,-22598000,-22663000,None,-22751000
AXNX,2019-09-30,USD,677000,1049000,632000,632000,-25047000,20869000,4855000,25724000,None,-225000,627000,225000,1274000,-586000,None,None,-25006000,0,225000,-25006000,-25118000,-25047000,None,-25006000
AXNX,2019-06-30,USD,716000,1500000,772000,772000,-19270000,15112000,4874000,19986000,None,-269000,839000,269000,1500000,-629000,None,None,-19060000,1000,269000,-19061000,-19104000,-19270000,None,-19061000
AXNX,2019-03-31,USD,529000,912000,548000,548000,-13619000,9929000,4219000,14148000,None,-165000,1034000,165000,1077000,-532000,None,None,-13117000,None,165000,-13117000,-13127000,-13619000,None,-13117000
AXNX,2018-12-31,USD,249000,162000,245000,245000,-9451000,4917000,4783000,9700000,None,-192000,None,192000,500000,-764000,None,None,-9665000,1000,192000,-9665000,-9675000,-9451000,None,-9665000
