SYMBOL,fiscalDateEnding,reportedCurrency,grossProfit,totalRevenue,costOfRevenue,costofGoodsAndServicesSold,operatingIncome,sellingGeneralAndAdministrative,researchAndDevelopment,operatingExpenses,investmentIncomeNet,netInterestIncome,interestIncome,interestExpense,nonInterestIncome,otherNonOperatingIncome,depreciation,depreciationAndAmortization,incomeBeforeTax,incomeTaxExpense,interestAndDebtExpense,netIncomeFromContinuingOperations,comprehensiveIncomeNetOfTax,ebit,ebitda,netIncome
BIGC,2020-12-31,USD,32927000,42695000,10216000,10216000,-13804000,32789000,13942000,46731000,11000,-448000,11000,448000,43143000,59000,None,707000,-14182000,19000,448000,-14201000,-14201000,-13804000,-13097000,-14201000
BIGC,2020-09-30,USD,31142000,38994000,8593000,8593000,-10055000,29073000,12124000,41197000,2000,-741000,2000,741000,39735000,-75000,None,699000,-10869000,-14000,741000,-10855000,-10855000,-10055000,-9356000,-10855000
BIGC,2020-06-30,USD,28479000,36316000,7837000,7837000,-7383000,24517000,11345000,35862000,None,-1135000,17000,1152000,None,40000,None,None,-8478000,3000,None,-8481000,-8481000,-7383000,None,-8481000
BIGC,2020-03-31,USD,25694000,33174000,7480000,7480000,-7455000,22228000,10921000,33149000,None,-761000,1000,762000,None,-203000,None,None,-4006000,17000,None,-4023000,None,-7455000,None,-4023000
BIGC,2019-12-31,USD,22955000,31020000,8065000,8065000,-9757000,21751000,10961000,32712000,None,-483000,None,483000,None,-45000,None,None,-10285000,7000,None,-10292000,None,-9757000,None,-10292000
BIGC,2019-09-30,USD,21458000,28264000,6806000,6806000,-10277000,20873000,10862000,31735000,None,-355000,4000,359000,None,-86000,None,None,-10718000,7000,None,-10725000,None,-10277000,None,-10725000
BIGC,2019-06-30,USD,21008000,27235000,6227000,6227000,-10645000,21185000,10468000,31653000,None,-324000,86000,410000,None,-56000,None,None,-11025000,7000,None,-11032000,None,-10645000,None,-11032000
BIGC,2019-03-31,USD,19659000,25584000,5925000,5925000,-10308000,19135000,10832000,29967000,None,None,None,360000,None,-21000,None,None,-10534000,7000,None,None,None,-10308000,None,-10541000
