SYMBOL,fiscalDateEnding,reportedCurrency,grossProfit,totalRevenue,costOfRevenue,costofGoodsAndServicesSold,operatingIncome,sellingGeneralAndAdministrative,researchAndDevelopment,operatingExpenses,investmentIncomeNet,netInterestIncome,interestIncome,interestExpense,nonInterestIncome,otherNonOperatingIncome,depreciation,depreciationAndAmortization,incomeBeforeTax,incomeTaxExpense,interestAndDebtExpense,netIncomeFromContinuingOperations,comprehensiveIncomeNetOfTax,ebit,ebitda,netIncome
BRBR,2020-12-31,USD,91900000,282400000,190500000,190500000,47800000,38300000,None,44200000,None,-12800000,None,12800000,-500000,None,None,5900000,9900000,2100000,12800000,32900000,8200000,47800000,53700000,7800000
BRBR,2020-09-30,USD,89800000,282600000,192800000,192800000,49000000,35200000,None,50200000,None,-13500000,None,13500000,4700000,None,None,5600000,10000000,0,13500000,35500000,10300000,49000000,54600000,10000000
BRBR,2020-06-30,USD,68700000,204200000,135500000,135500000,30600000,32600000,None,38100000,None,-15300000,None,15300000,None,None,None,5500000,4400000,1100000,15300000,14200000,3500000,30600000,36100000,3300000
BRBR,2020-03-31,USD,88200000,257500000,169300000,169300000,35100000,47500000,None,53100000,None,-14300000,-14300000,14300000,None,None,None,5600000,6400000,2200000,14300000,18600000,1700000,35100000,40700000,4200000
BRBR,2019-12-31,USD,91300000,244000000,152700000,137500000,49300000,36500000,None,194700000,None,-11600000,-11600000,11600000,None,None,None,None,11900000,5900000,None,31800000,6600000,49300000,None,6000000
BRBR,2019-09-30,USD,76700000,214500000,137800000,137800000,36000000,35100000,None,178500000,None,None,None,-11600000,None,None,None,None,36000000,9300000,None,26700000,None,36000000,None,26700000
BRBR,2019-06-30,USD,90500000,237600000,147100000,147100000,52800000,32200000,None,184800000,None,None,None,None,None,None,None,None,52800000,12500000,None,40300000,None,52800000,None,None
BRBR,2019-03-31,USD,79000000,216500000,137500000,137500000,40800000,32600000,None,175700000,None,None,None,None,None,None,None,None,40800000,9800000,None,31000000,None,40800000,None,31000000
BRBR,2018-12-31,USD,65600000,185800000,120200000,120200000,32900000,27200000,None,152900000,None,None,None,-11600000,None,None,None,None,32900000,7800000,None,40300000,None,32900000,None,None
