SYMBOL,fiscalDateEnding,reportedCurrency,grossProfit,totalRevenue,costOfRevenue,costofGoodsAndServicesSold,operatingIncome,sellingGeneralAndAdministrative,researchAndDevelopment,operatingExpenses,investmentIncomeNet,netInterestIncome,interestIncome,interestExpense,nonInterestIncome,otherNonOperatingIncome,depreciation,depreciationAndAmortization,incomeBeforeTax,incomeTaxExpense,interestAndDebtExpense,netIncomeFromContinuingOperations,comprehensiveIncomeNetOfTax,ebit,ebitda,netIncome
BSVN,2020-12-31,USD,10849000,10849000,2050000,None,9698000,945000,None,1148000,None,12199000,13324000,1125000,700000,None,None,None,6317000,1578000,1125000,4739000,4739000,9698000,None,4739000
BSVN,2020-09-30,USD,10685000,10685000,1250000,None,9754000,931000,None,931000,None,11601000,12926000,1325000,334000,None,None,None,6101000,1661000,1326000,4440000,4440000,9754000,None,4440000
BSVN,2020-06-30,USD,10830000,10830000,1400000,None,10076000,754000,None,754000,None,11929000,13556000,1627000,301000,None,None,None,6707000,1671000,1627000,5036000,5036000,10076000,None,5036000
BSVN,2020-03-31,USD,11112000,11112000,None,None,10053000,1059000,None,1059000,None,11432000,13507000,2075000,330000,None,None,None,6759000,1708000,2075000,5051000,5051000,10053000,None,5051000
BSVN,2019-12-31,USD,10938000,10938000,None,None,9628000,1104000,None,1311000,None,10657000,12995000,2338000,281000,None,None,None,6381000,1879000,2338000,4502000,4502000,9628000,None,4502000
BSVN,2019-09-30,USD,11109000,11109000,None,None,10173000,936000,None,1118000,None,10600000,13071000,2471000,509000,None,None,None,-4963000,1556000,2471000,-6519000,-6519000,10173000,None,-6519000
BSVN,2019-06-30,USD,10878000,10878000,None,None,10878000,838000,None,838000,None,10583000,13066000,2483000,295000,None,None,None,6830000,1704000,2483000,5126000,5126000,10878000,None,5126000
BSVN,2019-03-31,USD,10576000,10576000,None,None,10576000,833000,None,833000,None,10353000,12577000,2224000,223000,None,None,None,6821000,1705000,2224000,5116000,5116000,10576000,None,5116000
BSVN,2018-12-31,USD,10692000,10692000,2154000,2154000,10692000,883000,None,1227000,None,10530000,12584000,2054000,262000,None,None,None,6753000,1192000,2054000,5561000,5561000,10692000,None,5561000
