SYMBOL,fiscalDateEnding,reportedCurrency,grossProfit,totalRevenue,costOfRevenue,costofGoodsAndServicesSold,operatingIncome,sellingGeneralAndAdministrative,researchAndDevelopment,operatingExpenses,investmentIncomeNet,netInterestIncome,interestIncome,interestExpense,nonInterestIncome,otherNonOperatingIncome,depreciation,depreciationAndAmortization,incomeBeforeTax,incomeTaxExpense,interestAndDebtExpense,netIncomeFromContinuingOperations,comprehensiveIncomeNetOfTax,ebit,ebitda,netIncome
CBG,2017-12-31,USD,526853000,4336212000,3809359000,3809359000,418718000,None,None,0,None,None,None,32891000,None,None,None,None,441020000,270334000,None,220371000,None,473911000,None,168400000
CBG,2017-09-30,USD,331702000,3549977000,3218275000,3218275000,235291000,None,None,0,None,None,None,34483000,None,None,None,None,273539000,76178000,None,264151000,None,308022000,None,196317000
CBG,2017-06-30,USD,311279000,3342215000,3030936000,3030936000,222191000,None,None,0,None,None,None,35430000,None,None,None,None,266758000,68362000,None,272549000,None,302188000,None,197165000
CBG,2017-03-31,USD,287894000,2981204000,2693310000,2693310000,195242000,None,None,0,None,None,None,34010000,None,None,None,None,182776000,51273000,None,144615000,None,216786000,None,129597000
CBG,2016-12-31,USD,449761000,3823831000,3374070000,3374070000,352821000,None,None,0,None,None,None,35801000,None,None,None,None,396210000,131084000,None,344424000,None,432011000,None,263975000
CBG,2016-09-30,USD,254174000,3193487000,2939313000,2939313000,172492000,None,None,0,None,None,None,37273000,None,None,None,None,162267000,51414000,None,128835000,None,199540000,None,104163000
CBG,2016-06-30,USD,272862000,3207537000,2934675000,2934675000,182594000,None,None,0,None,None,None,36987000,None,None,None,None,187484000,64039000,None,156597000,None,224471000,None,121668000
CBG,2016-03-31,USD,189755000,2846734000,2656979000,2656979000,107580000,None,None,0,None,None,None,34790000,None,None,None,None,134765000,50125000,None,139468000,None,169555000,None,82167000
