SYMBOL,fiscalDateEnding,reportedCurrency,grossProfit,totalRevenue,costOfRevenue,costofGoodsAndServicesSold,operatingIncome,sellingGeneralAndAdministrative,researchAndDevelopment,operatingExpenses,investmentIncomeNet,netInterestIncome,interestIncome,interestExpense,nonInterestIncome,otherNonOperatingIncome,depreciation,depreciationAndAmortization,incomeBeforeTax,incomeTaxExpense,interestAndDebtExpense,netIncomeFromContinuingOperations,comprehensiveIncomeNetOfTax,ebit,ebitda,netIncome
CBNK,2020-12-31,USD,43121000,43121000,2473000,None,29241000,14437000,None,13880000,None,25719000,28318000,2599000,19437000,None,-557000,-557000,13037000,3347000,2599000,9689000,9612000,29241000,28684000,9690000
CBNK,2020-09-30,USD,39686000,39686000,3901000,None,29343000,9820000,None,10343000,None,22039000,25189000,3150000,21146000,None,523000,523000,11566000,3128000,3150000,8439000,8465000,29343000,29866000,8438000
CBNK,2020-06-30,USD,29223000,29223000,3300000,None,22056000,7167000,None,7167000,None,18624000,22000000,3376000,13899000,None,356000,356000,6520000,1759000,3376000,4761000,5761000,22056000,22412000,4761000
CBNK,2020-03-31,USD,21857000,21857000,2560000,None,15812000,5523000,None,6045000,None,17687000,21744000,4057000,6579000,None,522000,522000,4014000,1080000,4057000,2934000,3688000,15812000,16334000,2934000
CBNK,2019-12-31,USD,24409000,24409000,1013000,None,15213000,6576000,None,9196000,None,18054000,22393000,4339000,7278000,None,269000,2620000,6654000,1581000,4340000,5072000,5074000,15213000,17833000,5073000
CBNK,2019-09-30,USD,24334000,24334000,1177000,None,18558000,5501000,None,5776000,None,18184000,22354000,4170000,7220000,None,275000,275000,6105000,1625000,4170000,4481000,4522000,18558000,18833000,4480000
CBNK,2019-06-30,USD,21781000,21781000,677000,None,21781000,4856000,None,4856000,None,16531000,20289000,3758000,5927000,None,None,None,5571000,1548000,3758000,4023000,4023000,21781000,None,4023000
CBNK,2019-03-31,USD,18715000,18715000,121000,None,18715000,4375000,None,4969000,None,14744000,18318000,3574000,4092000,None,594000,594000,4385000,1066000,3574000,3319000,3319000,18715000,19309000,3319000
