SYMBOL,fiscalDateEnding,reportedCurrency,grossProfit,totalRevenue,costOfRevenue,costofGoodsAndServicesSold,operatingIncome,sellingGeneralAndAdministrative,researchAndDevelopment,operatingExpenses,investmentIncomeNet,netInterestIncome,interestIncome,interestExpense,nonInterestIncome,otherNonOperatingIncome,depreciation,depreciationAndAmortization,incomeBeforeTax,incomeTaxExpense,interestAndDebtExpense,netIncomeFromContinuingOperations,comprehensiveIncomeNetOfTax,ebit,ebitda,netIncome
CELC,2020-12-31,USD,-27,-27,None,None,-2551336,444064,2107272,2551336,470,-27,0,27,None,None,97890,1446,-2550893,None,27,-2550893,-2550893,-2551336,-2549890,-2550893
CELC,2020-09-30,USD,-29,-29,None,None,-2480075,517465,1962610,2480075,5805,-29,-1,28,None,5805,96567,1447,-2474298,None,29,-2474298,-2474298,-2480075,-2478628,-2474298
CELC,2020-06-30,USD,-31,-31,None,None,-2213941,447714,1766227,2213941,11983,-31,0,31,None,None,96342,1447,-2201989,None,31,-2201989,-2201989,-2213941,-2212494,-2201989
CELC,2020-03-31,USD,-33,-33,None,None,-2310813,463399,1847414,2310813,63851,-33,0,33,None,63851,94792,1447,-2246995,None,33,-2246995,-2246995,-2310813,-2309366,-2246995
CELC,2019-12-31,USD,-36,-36,None,None,-1897764,400742,1497022,1897764,88775,-36,0,36,None,None,93307,1446,-1809025,None,36,-1809025,-1809025,-1897764,-1896318,-1809025
CELC,2019-09-30,USD,-38,-38,None,None,-2091315,379718,1711597,2091315,107100,-38,1,39,None,107100,86351,None,-1984254,None,38,-1984253,-1984253,-2091315,None,-1984254
CELC,2019-06-30,USD,-41,-41,None,None,-1841719,371988,1469731,1841719,121583,-41,121583,41,None,121583,83170,None,-1720177,None,41,-1720177,-1720177,-1841719,None,-1720177
CELC,2019-03-31,USD,-43,-43,None,None,-1974503,383545,1590958,1974503,128638,-43,128600,43,None,128638,76168,None,-1845910,None,43,-1845908,-1845908,-1974503,None,-1845908
CELC,2018-12-31,USD,2954,2954,None,None,-1951206,316461,1634745,1951206,122951,-46,None,46,None,None,70523,None,-1825301,None,46,-1825301,-1825301,-1951206,None,-1825301
