SYMBOL,fiscalDateEnding,reportedCurrency,grossProfit,totalRevenue,costOfRevenue,costofGoodsAndServicesSold,operatingIncome,sellingGeneralAndAdministrative,researchAndDevelopment,operatingExpenses,investmentIncomeNet,netInterestIncome,interestIncome,interestExpense,nonInterestIncome,otherNonOperatingIncome,depreciation,depreciationAndAmortization,incomeBeforeTax,incomeTaxExpense,interestAndDebtExpense,netIncomeFromContinuingOperations,comprehensiveIncomeNetOfTax,ebit,ebitda,netIncome
CRNX,2020-09-30,USD,None,0,None,None,-18451000,4752000,13699000,18451000,122000,122000,122000,None,0,131000,None,244000,-18320000,None,None,-18320000,-18403000,-18451000,-18207000,-18320000
CRNX,2020-03-31,USD,71000,71000,None,None,-17782000,3991000,13862000,17853000,556000,556000,556000,None,71000,422000,None,235000,-17360000,None,None,-17360000,-17341000,-17782000,-17547000,-17360000
CRNX,2019-12-31,USD,-11822000,321000,12143000,12143000,-15214000,3392000,12143000,15535000,655000,655000,655000,None,321000,None,None,229000,-14549000,None,None,-14549000,-14599000,-15214000,-14985000,-14549000
CRNX,2019-09-30,USD,-11318000,505000,11823000,11823000,-15229000,3911000,11823000,15734000,835000,835000,835000,None,505000,799000,None,228000,-14430000,None,None,-14430000,-14466000,-15229000,-15001000,-14430000
CRNX,2019-06-30,USD,-10285000,0,10285000,10285000,-13345000,3060000,10285000,13345000,960000,960000,960000,None,0,918000,None,230000,-12427000,None,None,-12427000,-12338000,-13345000,-13115000,-12427000
CRNX,2019-03-31,USD,-6888000,367000,7255000,7255000,-10044000,3156000,7255000,10411000,1010000,1010000,1010000,None,367000,1028000,None,200000,-9016000,None,None,-9016000,-8932000,-10044000,-9844000,-9016000
CRNX,2018-12-31,USD,-6870000,781000,7651000,7651000,-9431000,2561000,7651000,10212000,999000,None,None,None,781000,None,None,208000,-8495000,None,None,-8495000,-8434000,-9431000,-9223000,-8495000
CRNX,2018-09-30,USD,548000,548000,6886000,6886000,-8070000,1732000,6886000,8618000,534000,None,None,None,548000,482000,None,139000,-7588000,None,None,-7588000,-7588000,-8070000,-7931000,-7588000
