SYMBOL,fiscalDateEnding,reportedCurrency,grossProfit,totalRevenue,costOfRevenue,costofGoodsAndServicesSold,operatingIncome,sellingGeneralAndAdministrative,researchAndDevelopment,operatingExpenses,investmentIncomeNet,netInterestIncome,interestIncome,interestExpense,nonInterestIncome,otherNonOperatingIncome,depreciation,depreciationAndAmortization,incomeBeforeTax,incomeTaxExpense,interestAndDebtExpense,netIncomeFromContinuingOperations,comprehensiveIncomeNetOfTax,ebit,ebitda,netIncome
CTACU,2020-12-31,USD,12263000,30126000,17863000,None,-3556000,11101000,2118000,15819000,None,None,None,None,None,-183000,None,776000,-3739000,981000,None,-4720000,-4724000,-3556000,-2780000,-4720000
CTACU,2020-09-30,USD,11154000,26332000,15178000,None,-1671000,8504000,2076000,12825000,None,None,None,None,None,455000,None,662000,-1216000,-99000,None,-1117000,-1117000,-1671000,-1009000,-1117000
CTACU,2020-06-30,USD,8386000,22368000,13982000,None,-3187000,7359000,2577000,11573000,None,None,None,None,None,208000,None,588000,-2979000,-813000,None,-2166000,-2166000,-3187000,-2599000,-2166000
CTACU,2020-03-31,USD,9818000,32457000,22639000,None,-7034000,10743000,2540000,16852000,None,None,None,None,None,-244000,None,646000,-7278000,-2682000,None,-4596000,-4596000,-7034000,-6388000,-4596000
CTACU,2019-12-31,USD,410533,410533,19336000,None,-5855322,5855322,1062000,5855322,None,410533,None,None,None,-4000,None,630000,-4924617,160038,None,-1999360,-1999360,-5855322,-5225322,-5084655
CTACU,2019-09-30,USD,614407,614407,17626000,None,-693160,693160,1083000,693160,None,614407,None,None,None,-89000,None,601000,423256,154489,None,-847649,-847649,-693160,-92160,268767
CTACU,2019-06-30,USD,1317860,1317860,17197000,None,-278012,278012,656000,278012,None,659066,None,None,None,79000,None,570000,1039848,266143,None,-544155,773705,-278012,291988,773705
CTACU,2019-03-31,USD,123337,123337,15931000,None,-317211,317211,1545000,1038522,None,123337,None,None,None,-162000,None,510000,457748,-262486,None,-4454725,720234,-317211,192789,720234
