SYMBOL,fiscalDateEnding,reportedCurrency,grossProfit,totalRevenue,costOfRevenue,costofGoodsAndServicesSold,operatingIncome,sellingGeneralAndAdministrative,researchAndDevelopment,operatingExpenses,investmentIncomeNet,netInterestIncome,interestIncome,interestExpense,nonInterestIncome,otherNonOperatingIncome,depreciation,depreciationAndAmortization,incomeBeforeTax,incomeTaxExpense,interestAndDebtExpense,netIncomeFromContinuingOperations,comprehensiveIncomeNetOfTax,ebit,ebitda,netIncome
EH,2020-09-30,CNY,42022000,70980000,28958000,28958000,-1810000,24388000,19777000,72790000,None,69000,738000,669000,None,None,None,None,-1352000,None,None,-1064000,None,1100000,None,-266000
EH,2020-06-30,CNY,20553000,35700000,15147000,15147000,-19159000,25566000,17870000,54859000,None,486000,974000,488000,None,None,None,None,-19840000,-145000,None,-19728000,None,-18010000,None,-18617000
EH,2020-03-31,CNY,11154000,18818000,7664000,7664000,-21121000,16384000,16660000,39939000,None,924000,1412000,488000,None,None,None,None,-20387000,None,None,-20406000,None,-18058000,None,-19550000
EH,2019-12-31,CNY,33196000,54684000,21488000,21488000,2145000,17521000,15468000,52539000,None,-191000,237000,428000,None,0,None,None,476000,627000,None,-156000,None,2679000,None,-1933000
EH,2019-09-30,CNY,19071000,34745000,15674000,15674000,-10580000,15854000,14123000,45325000,None,40000,150000,110000,None,0,None,None,-10092000,49000,None,-10200000,None,-8954000,None,-10392000
EH,2019-06-30,CNY,12845000,21946000,9101000,9101000,-16706000,16783000,12931000,38652000,None,259000,417000,158000,None,0,None,None,-16243000,39000,None,-16300000,None,-14823000,None,-15163000
EH,2019-03-31,CNY,6106000,10439000,4333000,4333000,-21204000,13645000,14645000,31643000,None,-62000,-130000,141000,None,0,None,None,-21307000,26000,None,-21338000,None,-19735000,None,-21057000
EH,2018-12-31,CNY,124424.69,221647.98,97223.30,97223.30,-3327469.65,369828.97,0,0,None,None,None,0,None,0,None,None,-4495747.62,-42160.35,None,0,None,0,None,-3943737.73
EH,2018-09-30,CNY,23185.13,54439.09,31253.96,31253.96,-78219.74,46058.62,58616.98,132658.83,None,None,None,-607.86,None,0,None,None,-72536.08,-647.97,None,-71888.11,None,-78219.74,None,-72141.13
