SYMBOL,fiscalDateEnding,reportedCurrency,grossProfit,totalRevenue,costOfRevenue,costofGoodsAndServicesSold,operatingIncome,sellingGeneralAndAdministrative,researchAndDevelopment,operatingExpenses,investmentIncomeNet,netInterestIncome,interestIncome,interestExpense,nonInterestIncome,otherNonOperatingIncome,depreciation,depreciationAndAmortization,incomeBeforeTax,incomeTaxExpense,interestAndDebtExpense,netIncomeFromContinuingOperations,comprehensiveIncomeNetOfTax,ebit,ebitda,netIncome
ELAN,2020-12-31,USD,3756700000,4352900000,596200000,596200000,2833600000,374100000,112700000,486800000,None,-60400000,None,60400000,4413300000,16600000,None,163700000,-318100000,4700000,60400000,-322800000,102000000,2833600000,2997300000,-322800000
ELAN,2020-09-30,USD,569400000,1011200000,441800000,441800000,-239700000,277700000,88100000,635600000,None,-48100000,None,48100000,1059300000,114900000,None,95600000,-209000000,-74000000,48100000,-135000000,-42000000,-239700000,-144100000,-135000000
ELAN,2020-06-30,USD,265600000,561500000,295900000,295900000,-190500000,162800000,59400000,456100000,None,-24800000,None,24800000,586300000,47900000,None,49000000,-77100000,-23900000,24800000,-53200000,-25400000,-190500000,-141500000,-53200000
ELAN,2020-03-31,USD,-345400000,645000000,332700000,332700000,-793100000,182000000,66800000,447700000,None,-16500000,-16500000,16500000,661500000,-1100000,None,51600000,-67800000,-18700000,16500000,-49100000,-118000000,-793100000,-741500000,-49100000
ELAN,2019-12-31,USD,-2712800000,3839300000,410100000,410100000,-3114100000,185900000,67300000,253200000,None,-18700000,-18700000,18700000,3858000000,None,None,51400000,-4300000,5200000,18700000,-9500000,69300000,-3114100000,-3062700000,-9500000
ELAN,2019-09-30,USD,392200000,752600000,360400000,360400000,-44000000,192300000,69900000,262200000,None,-18700000,-18700000,18700000,771300000,-14600000,None,50700000,-12500000,-22500000,18700000,10000000,-27700000,-44000000,6700000,10000000
ELAN,2019-06-30,USD,-376700000,760900000,356000000,356000000,-646400000,200900000,68800000,269700000,None,-20700000,-20700000,20700000,781600000,None,None,49300000,50200000,14300000,20700000,35900000,35900000,-646400000,-597100000,35900000
ELAN,2019-03-31,USD,-364600000,710300000,343800000,343800000,-609800000,181100000,64100000,245200000,None,-20800000,-20800000,20800000,731100000,None,None,49000000,44800000,13300000,20800000,31500000,31500000,-609800000,-560800000,31500000
ELAN,2018-12-31,USD,-433500000,778300000,412500000,412500000,-679700000,185100000,61100000,246200000,None,-21000000,None,21000000,799300000,None,None,50100000,-2200000,-18600000,21000000,16400000,16400000,-679700000,-748700000,16400000
