SYMBOL,fiscalDateEnding,reportedCurrency,grossProfit,totalRevenue,costOfRevenue,costofGoodsAndServicesSold,operatingIncome,sellingGeneralAndAdministrative,researchAndDevelopment,operatingExpenses,investmentIncomeNet,netInterestIncome,interestIncome,interestExpense,nonInterestIncome,otherNonOperatingIncome,depreciation,depreciationAndAmortization,incomeBeforeTax,incomeTaxExpense,interestAndDebtExpense,netIncomeFromContinuingOperations,comprehensiveIncomeNetOfTax,ebit,ebitda,netIncome
FVCB,2020-09-30,USD,12665000,12665000,1700000,None,11214000,1064000,None,1451000,-113000,13595000,16761000,3166000,770000,None,148000,85000,4919000,1045000,3167000,3874000,3682000,11214000,11299000,3874000
FVCB,2020-06-30,USD,11632000,11632000,1750000,None,9672000,989000,None,1960000,None,12695000,16281000,3586000,687000,None,153000,88000,3634000,754000,3586000,2880000,2738000,9672000,9760000,2880000
FVCB,2020-03-31,USD,11838000,11838000,1066000,None,10507000,1016000,None,1331000,-101000,12211000,16931000,4720000,693000,None,159000,90000,4629000,896000,4720000,3733000,5480000,10507000,10597000,3733000
FVCB,2019-12-31,USD,11960000,11960000,465000,None,10886000,790000,None,1074000,-100000,11835000,16777000,4942000,590000,None,164000,92000,4626000,902000,4942000,3724000,3713000,10886000,10978000,3724000
FVCB,2019-09-30,USD,12537000,12537000,235000,None,11019000,1143000,None,1518000,-99000,12092000,17006000,4914000,680000,None,158000,95000,5174000,1081000,4914000,4093000,4443000,11019000,11114000,4093000
FVCB,2019-06-30,USD,12405000,12405000,505000,None,11058000,960000,None,1347000,-92000,12371000,16990000,4619000,539000,None,157000,97000,5129000,1044000,4619000,4085000,5467000,11058000,11155000,4085000
FVCB,2019-03-31,USD,11987000,11987000,515000,None,11038000,652000,None,949000,-86000,11764000,15960000,4196000,738000,None,164000,100000,5083000,1157000,4196000,3926000,5306000,11038000,11138000,3926000
FVCB,2018-12-31,USD,10591000,9925000,930000,4753000,5827000,1779000,None,4764000,-115000,11817000,15640000,3823000,166000,None,157000,102000,1635000,225000,3823000,1410000,3028000,5827000,5929000,1410000
