SYMBOL,fiscalDateEnding,reportedCurrency,grossProfit,totalRevenue,costOfRevenue,costofGoodsAndServicesSold,operatingIncome,sellingGeneralAndAdministrative,researchAndDevelopment,operatingExpenses,investmentIncomeNet,netInterestIncome,interestIncome,interestExpense,nonInterestIncome,otherNonOperatingIncome,depreciation,depreciationAndAmortization,incomeBeforeTax,incomeTaxExpense,interestAndDebtExpense,netIncomeFromContinuingOperations,comprehensiveIncomeNetOfTax,ebit,ebitda,netIncome
GBT,2020-12-31,USD,-23160000,41295000,961000,961000,-59373000,59624000,41068000,100692000,None,-22782000,583000,22782000,583000,-2432000,None,None,-61806000,None,22782000,-54919000,-62223000,-59373000,None,-61806000
GBT,2020-09-30,USD,2055000,85076000,513000,513000,-58311000,54491000,40196000,94687000,None,1687000,881000,-1687000,881000,-1570000,None,None,-59881000,None,-1687000,-62172000,-60388000,-58311000,None,-59881000
GBT,2020-06-30,USD,1137000,1514000,377000,377000,-52036000,49075000,34085000,83160000,None,-768000,1514000,2282000,1514000,-804000,None,None,-52840000,None,None,-55122000,-52828000,-52036000,None,-52840000
GBT,2020-03-31,USD,-26810000,-12557000,135000,135000,-73452000,47662000,39773000,87435000,None,-29531000,2856000,29531000,2856000,426000,None,None,-73026000,None,29531000,-75340000,-72565000,-73452000,None,-73026000
GBT,2019-12-31,USD,-43175000,2108000,45283000,48000,-99214000,44585000,64992000,109577000,None,3275000,3275000,None,-9801000,3241000,None,None,-95975000,None,None,-95484000,-96199000,-99214000,None,-95975000
GBT,2019-09-30,USD,4372000,4372000,None,None,-68742000,29654000,39088000,68742000,None,4226000,None,None,4372000,4195000,None,None,-64547000,None,None,-64693000,-64760000,-68742000,None,-64547000
GBT,2019-06-30,USD,3706000,3706000,None,None,-60804000,24794000,36010000,60804000,None,3546000,None,None,3706000,3483000,None,None,-57321000,None,None,-60804000,-60804000,-60804000,None,-57321000
GBT,2019-03-31,USD,3831000,3831000,None,None,-52523000,18055000,34468000,52523000,None,3650000,None,-3650000,3831000,3600000,None,None,-45273000,None,None,-52523000,-52523000,-52523000,None,-48923000
