SYMBOL,fiscalDateEnding,reportedCurrency,grossProfit,totalRevenue,costOfRevenue,costofGoodsAndServicesSold,operatingIncome,sellingGeneralAndAdministrative,researchAndDevelopment,operatingExpenses,investmentIncomeNet,netInterestIncome,interestIncome,interestExpense,nonInterestIncome,otherNonOperatingIncome,depreciation,depreciationAndAmortization,incomeBeforeTax,incomeTaxExpense,interestAndDebtExpense,netIncomeFromContinuingOperations,comprehensiveIncomeNetOfTax,ebit,ebitda,netIncome
KC,2020-12-31,CNY,92570000,1922746000,1830176000,1830176000,-245314000,156822000,181062000,2168060000,None,19834000,21672000,1838000,None,None,None,None,-101813000,3345000,None,-105158000,None,-99975000,None,-105212000
KC,2020-09-30,CNY,112898000,1728843000,1615945000,1615945000,-242832000,188140000,167590000,1971675000,None,20474000,24414000,3940000,None,None,None,None,-101304000,4033000,None,-105337000,None,-97364000,None,-105533000
KC,2020-06-30,CNY,80744000,1534755000,1454011000,1454011000,-430280000,280196000,230828000,511024000,None,19146000,20937000,1791000,None,None,None,None,-418359000,1697000,None,-420056000,None,-402213000,None,-420173000
KC,2020-03-31,CNY,70771000,1390963000,1320192000,1320192000,-288824000,163945000,195650000,359595000,None,8211000,10095000,1884000,None,None,None,None,-325818000,5829000,None,-331647000,None,-357247000,None,-331341000
KC,2019-12-31,CNY,54323000,1173640000,1119317000,1119317000,-302692000,185531000,171484000,357015000,None,11636000,11636000,0,None,None,None,None,-237498000,2010000,None,-239508000,None,5756000,None,-239508000
KC,2019-09-30,CNY,18744000,1001790000,983046000,983046000,-279909000,142800000,155853000,1281699000,None,17291000,-64591000,0,None,None,None,None,-348281000,None,None,-350592000,None,-348281000,None,-350592000
KC,2019-06-30,CNY,-20285000,935122000,955407000,955407000,-303548000,139795000,143468000,1238670000,None,21674000,-16951000,2025000,None,None,None,None,-317847000,1892000,None,-319739000,None,-315822000,None,-319739000
KC,2019-03-31,CNY,-45073000,845801000,890874000,890874000,-257385000,87948000,124364000,1103186000,None,23086000,47879000,2900000,None,None,None,None,-198570000,2790000,None,-201360000,None,-195670000,None,-201360000
KC,2018-12-31,CNY,-62191000,724341000,786532000,786532000,-307857000,126772000,None,None,None,None,None,None,None,None,None,None,-288424000,2939000,None,None,None,None,None,-291363000
