SYMBOL,fiscalDateEnding,reportedCurrency,grossProfit,totalRevenue,costOfRevenue,costofGoodsAndServicesSold,operatingIncome,sellingGeneralAndAdministrative,researchAndDevelopment,operatingExpenses,investmentIncomeNet,netInterestIncome,interestIncome,interestExpense,nonInterestIncome,otherNonOperatingIncome,depreciation,depreciationAndAmortization,incomeBeforeTax,incomeTaxExpense,interestAndDebtExpense,netIncomeFromContinuingOperations,comprehensiveIncomeNetOfTax,ebit,ebitda,netIncome
LQ,2018-03-31,USD,124905000,228780000,103875000,103875000,4342000,81359000,None,0,None,None,None,21456000,None,None,None,None,-16995000,-1927000,None,-15139000,None,4461000,None,-15139000
LQ,2017-12-31,USD,112772000,214279000,101507000,101507000,4890000,72008000,None,0,None,None,None,20688000,None,None,None,None,-15123000,-136341000,None,121175000,None,5565000,None,121175000
LQ,2017-09-30,USD,158255000,268642000,110387000,110387000,42132000,78657000,None,0,None,None,None,20696000,None,None,None,None,22270000,9862000,None,12415000,None,42966000,None,12415000
LQ,2017-06-30,USD,158983000,263437000,104454000,104454000,49778000,72789000,None,0,None,None,None,20253000,None,None,None,None,29456000,12633000,None,16786000,None,49709000,None,16786000
LQ,2017-03-31,USD,133938000,234272000,100334000,100334000,23972000,73788000,None,0,None,None,None,19980000,None,None,None,None,3968000,2290000,None,1589000,None,23948000,None,1589000
LQ,2016-12-31,USD,123869000,222616000,98747000,98747000,22214000,64045000,None,0,None,None,None,20400000,None,None,None,None,1871000,1852000,None,157000,None,22271000,None,-28000
LQ,2016-09-30,USD,163663000,272312000,108649000,108649000,61285000,67320000,None,0,None,None,None,20427000,None,None,None,None,42046000,19362000,None,22666000,None,62473000,None,22666000
LQ,2016-06-30,USD,165977000,269555000,103578000,103578000,40485000,73369000,None,0,None,None,None,20286000,None,None,None,None,20316000,5398000,None,14849000,None,40602000,None,14849000
LQ,2016-03-31,USD,142859000,241771000,98912000,98912000,-45520000,66739000,None,0,None,None,None,20306000,None,None,None,None,-64843000,-26119000,None,-38775000,None,-44537000,None,-38775000
