SYMBOL,fiscalDateEnding,reportedCurrency,grossProfit,totalRevenue,costOfRevenue,costofGoodsAndServicesSold,operatingIncome,sellingGeneralAndAdministrative,researchAndDevelopment,operatingExpenses,investmentIncomeNet,netInterestIncome,interestIncome,interestExpense,nonInterestIncome,otherNonOperatingIncome,depreciation,depreciationAndAmortization,incomeBeforeTax,incomeTaxExpense,interestAndDebtExpense,netIncomeFromContinuingOperations,comprehensiveIncomeNetOfTax,ebit,ebitda,netIncome
LYFT,2020-12-31,USD,177752000,569880000,392128000,392128000,-453427000,317564000,215180000,555844000,1882000,-12105000,0,12105000,528673000,-613000,None,36458000,-460629000,-2474000,12105000,-458155000,-465968000,-453427000,-416969000,-458155000
LYFT,2020-09-30,USD,238130000,499744000,261614000,261614000,-453353000,336241000,232106000,606050000,4951000,-12529000,0,12529000,451313000,-911000,None,11386000,-458408000,1109000,12529000,-459517000,-457281000,-453353000,-441967000,-459517000
LYFT,2020-06-30,USD,87990000,339345000,251355000,246899000,-487497000,273776000,203101000,487071000,10768000,-29371000,-22834000,6537000,312764000,939000,None,10194000,-481911000,-44799000,6537000,-437112000,-430667000,-487497000,-477303000,-437112000
LYFT,2020-03-31,USD,413293000,955712000,542419000,532695000,-414105000,434877000,258739000,703011000,-486000,21327000,21327000,None,918331000,-3665000,None,6167000,-396443000,1630000,440000,-398073000,-402139000,-414105000,-407938000,-398073000
LYFT,2019-12-31,USD,-2999146000,1119576000,502762000,502762000,-381814000,472435000,276575000,796319000,-78539000,102506000,24222000,None,1123256000,-181000,None,None,-357979000,-1927000,None,-356052000,-357956000,-381814000,None,-356052000
LYFT,2019-09-30,USD,374884000,955598000,580714000,580714000,-490860000,427678000,288272000,740282000,28460000,0,28651000,None,909644000,123000,None,None,-461568000,1909000,None,-463477000,-464341000,-490860000,None,-463477000
LYFT,2019-06-30,USD,237129000,867265000,630136000,630136000,-672916000,448237000,309833000,758070000,29979000,-19654000,29979000,None,827654000,-486000,None,None,-643248000,991000,None,-644239000,-640932000,-672916000,None,-644239000
LYFT,2019-03-31,USD,313170000,776027000,462857000,650092000,-1156890000,651865000,630960000,1932917000,None,19654000,19654000,None,None,146000,None,None,-1137090000,1383000,None,-1138473000,-1136420000,-1156890000,None,-1138473000
