SYMBOL,fiscalDateEnding,reportedCurrency,grossProfit,totalRevenue,costOfRevenue,costofGoodsAndServicesSold,operatingIncome,sellingGeneralAndAdministrative,researchAndDevelopment,operatingExpenses,investmentIncomeNet,netInterestIncome,interestIncome,interestExpense,nonInterestIncome,otherNonOperatingIncome,depreciation,depreciationAndAmortization,incomeBeforeTax,incomeTaxExpense,interestAndDebtExpense,netIncomeFromContinuingOperations,comprehensiveIncomeNetOfTax,ebit,ebitda,netIncome
MEC,2020-12-31,USD,10540000,94807000,84267000,84267000,556000,5514000,None,10698000,None,-558000,0,558000,95365000,None,5079000,2676000,-2000,-973000,558000,972000,972000,556000,3232000,971000
MEC,2020-09-30,USD,180204000,90358000,81340000,81340000,280000,5467000,None,8390000,None,-647000,0,647000,91005000,None,5218000,2677000,-367000,733000,647000,-1100000,-1100000,280000,2957000,-1100000
MEC,2020-06-30,USD,-64373000,61945000,63736000,63736000,-8902000,5711000,None,8388000,None,-637000,0,637000,62582000,None,5483000,2677000,-9539000,-2525000,637000,-7014000,-7014000,-8902000,-6225000,-7014000
MEC,2020-03-31,USD,-97506000,107861000,96762000,96762000,1567000,7181000,None,10370000,None,-826000,0,826000,108687000,None,5603000,2677000,741000,691000,826000,50000,50000,1567000,4244000,50000
MEC,2019-12-31,USD,-516599000,101402000,98297000,98297000,-4612000,6631000,None,9590000,None,-917000,1000,918000,102319000,None,5674000,2676000,-5530000,-3857000,917000,-1673000,-1674000,-4612000,-1936000,-1673000
MEC,2019-09-30,USD,302495000,127574000,113941000,113941000,13245000,7406000,None,9795000,None,-987000,-987000,987000,128561000,None,5620000,2677000,12258000,2512000,987000,9746000,9746000,13245000,15922000,9746000
MEC,2019-06-30,USD,-126740000,142985000,124595000,124595000,-16652000,7506000,None,10183000,None,-1991000,-1991000,1991000,144976000,None,6029000,2677000,-18797000,-3513000,2145000,-15284000,-15284000,-16652000,-13975000,-15284000
MEC,2019-03-31,USD,19579000,143732000,124153000,124153000,6060000,8473000,None,137679000,None,-2832000,-2832000,2832000,None,None,4973000,None,3228000,769000,None,2460000,None,6060000,None,2459000
