SYMBOL,fiscalDateEnding,reportedCurrency,grossProfit,totalRevenue,costOfRevenue,costofGoodsAndServicesSold,operatingIncome,sellingGeneralAndAdministrative,researchAndDevelopment,operatingExpenses,investmentIncomeNet,netInterestIncome,interestIncome,interestExpense,nonInterestIncome,otherNonOperatingIncome,depreciation,depreciationAndAmortization,incomeBeforeTax,incomeTaxExpense,interestAndDebtExpense,netIncomeFromContinuingOperations,comprehensiveIncomeNetOfTax,ebit,ebitda,netIncome
OMAM,2017-12-31,USD,47400000,249200000,201800000,201800000,11900000,30600000,None,237300000,None,None,None,-6300000,None,None,None,None,84600000,131300000,None,-46700000,None,11900000,None,-48800000
OMAM,2017-09-30,USD,58300000,223200000,164900000,164900000,26100000,27400000,None,197100000,None,None,None,-6400000,None,None,None,None,14800000,-5100000,None,19900000,None,26100000,None,18700000
OMAM,2017-06-30,USD,72100000,218800000,146700000,146700000,39900000,27700000,None,178900000,None,None,None,-5900000,None,None,None,None,14600000,1000000,None,13600000,None,39900000,None,12900000
OMAM,2017-03-31,USD,53200000,196200000,143000000,143000000,23500000,25600000,None,172700000,None,None,None,-5900000,None,None,None,None,28000000,5600000,None,22400000,None,23500000,None,21400000
OMAM,2016-12-31,USD,180700000,180700000,0,0,24500000,152100000,None,0,None,None,None,5900000,None,None,None,None,27100000,7000000,None,20100000,None,33000000,None,25300000
OMAM,2016-09-30,USD,79600000,170800000,91200000,91200000,49000000,None,None,121800000,None,None,None,-4400000,None,None,None,None,None,7300000,None,None,None,49000000,None,34000000
OMAM,2016-06-30,USD,68000000,157000000,89000000,89000000,44000000,None,None,113000000,None,None,None,-1000000,None,None,None,None,None,13000000,None,None,None,44000000,None,36000000
OMAM,2016-03-31,USD,65000000,150000000,85000000,85000000,41000000,None,None,109000000,None,None,None,-1000000,None,None,None,None,None,13000000,None,None,None,41000000,None,31000000
