SYMBOL,fiscalDateEnding,reportedCurrency,grossProfit,totalRevenue,costOfRevenue,costofGoodsAndServicesSold,operatingIncome,sellingGeneralAndAdministrative,researchAndDevelopment,operatingExpenses,investmentIncomeNet,netInterestIncome,interestIncome,interestExpense,nonInterestIncome,otherNonOperatingIncome,depreciation,depreciationAndAmortization,incomeBeforeTax,incomeTaxExpense,interestAndDebtExpense,netIncomeFromContinuingOperations,comprehensiveIncomeNetOfTax,ebit,ebitda,netIncome
PHAS,2020-12-31,USD,-327000,-327000,0,None,-25978000,3611000,22367000,25978000,2000,-326000,2000,326000,-1000,-4397000,None,342000,-30375000,None,326000,-30373000,-30375000,-25978000,-25636000,-30375000
PHAS,2020-09-30,USD,-381000,-381000,0,None,-20492000,3076000,17416000,20492000,3000,-362000,3000,362000,-19000,-4651000,None,55000,-25143000,None,362000,-25140000,-25143000,-20492000,-20437000,-25143000
PHAS,2020-06-30,USD,-357000,-357000,0,None,-24098000,3242000,20856000,24098000,21000,-379000,21000,379000,22000,-4044000,None,57000,-28142000,None,379000,-28121000,-28121000,-24098000,-24041000,-28142000
PHAS,2020-03-31,USD,-374000,-54000,320000,None,-14288000,3159000,11449000,14608000,211000,-378000,211000,378000,324000,-617000,None,54000,-14905000,None,378000,-14694000,-14905000,-14288000,-14234000,-14905000
PHAS,2019-12-31,USD,-1971000,390000,2361000,None,-11280000,3663000,8381000,12044000,323000,-365000,323000,365000,755000,-51000,None,50000,-11331000,None,365000,-11008000,-11331000,-11280000,-11230000,-11331000
PHAS,2019-09-30,USD,-11000,-11000,0,9028000,-11590000,2803000,9028000,11831000,451000,-266000,451000,266000,255000,199000,None,50000,-11391000,None,266000,-10940000,-11391000,-11590000,-11540000,-11391000
PHAS,2019-06-30,USD,462000,462000,0,7781000,-9482000,2404000,7781000,10185000,491000,-219000,491000,219000,681000,250000,None,43000,-9232000,None,219000,-8741000,-8741000,-9482000,-9439000,-9232000
PHAS,2019-03-31,USD,-226000,427000,653000,4314000,-7384000,2316000,5721000,8037000,317000,-226000,91000,226000,653000,91000,None,31000,-7293000,None,226000,-6976000,-7293000,-7384000,-7353000,-7293000
PHAS,2018-12-31,USD,-183000,74000,257000,5676000,-7660000,2241000,5676000,7917000,255000,-183000,None,183000,257000,2792000,None,23000,-4868000,None,183000,-4613000,-4868000,-7660000,-7637000,-4868000
