SYMBOL,fiscalDateEnding,reportedCurrency,grossProfit,totalRevenue,costOfRevenue,costofGoodsAndServicesSold,operatingIncome,sellingGeneralAndAdministrative,researchAndDevelopment,operatingExpenses,investmentIncomeNet,netInterestIncome,interestIncome,interestExpense,nonInterestIncome,otherNonOperatingIncome,depreciation,depreciationAndAmortization,incomeBeforeTax,incomeTaxExpense,interestAndDebtExpense,netIncomeFromContinuingOperations,comprehensiveIncomeNetOfTax,ebit,ebitda,netIncome
PLAN,2021-01-31,USD,93103000,119177000,29422000,29422000,-41471000,107037000,27537000,134574000,None,-170000,None,170000,119347000,351000,6600000,17496000,-41072000,977000,170000,-42049000,-43577000,-41471000,-23975000,-42049000
PLAN,2020-10-31,USD,85500000,114617000,29375000,29375000,-35873000,96744000,24629000,121373000,None,-189000,None,189000,114806000,-291000,6300000,8234000,-36372000,420000,189000,-36786000,-36930000,-35873000,-27639000,-36792000
PLAN,2020-07-31,USD,81069000,106329000,25442000,25442000,-37675000,94149000,24595000,118744000,None,-182000,None,182000,106511000,4007000,5900000,8466000,-33824000,1700000,182000,-35552000,-38811000,-37675000,-29209000,-35524000
PLAN,2020-04-30,USD,79104000,103660000,24740000,24740000,-38760000,94102000,23762000,117864000,None,-184000,511000,184000,103844000,-331000,5700000,7718000,-38580000,1022000,184000,-39602000,-37851000,-38760000,-31042000,-39602000
PLAN,2020-01-31,USD,74033000,98523000,24209000,24209000,-37593000,91193000,20433000,111626000,None,-163000,708000,163000,98686000,1287000,5700000,12192000,-35598000,1085000,163000,-36683000,-38820000,-37593000,-25401000,-36683000
PLAN,2019-10-31,USD,66926000,88093000,22484000,22484000,-32524000,82988000,16462000,99450000,None,-220000,1180000,220000,88313000,-2398000,5200000,5292000,-33742000,959000,220000,-34701000,-35883000,-32524000,-27232000,-34701000
PLAN,2019-07-31,USD,62033000,84296000,22507000,22507000,-41207000,86798000,16442000,103240000,None,-244000,1339000,244000,84540000,548000,4700000,4718000,-39342000,1300000,244000,-40620000,-38347000,-41207000,-36489000,-40642000
PLAN,2019-04-30,USD,54253000,75631000,21577000,21577000,-37109000,76303000,15059000,91362000,None,1251000,1251000,-1251000,75830000,-246000,4300000,4139000,-36091000,1100000,None,-37204000,-37457000,-37109000,-32970000,-37191000
PLAN,2019-01-31,USD,49088000,69250000,20162000,20162000,-45953000,81564000,13477000,95041000,None,None,None,None,69250000,-223000,3900000,4017000,-40540000,5286000,None,-49980000,-46502000,-45953000,-41936000,-45826000
