SYMBOL,fiscalDateEnding,reportedCurrency,grossProfit,totalRevenue,costOfRevenue,costofGoodsAndServicesSold,operatingIncome,sellingGeneralAndAdministrative,researchAndDevelopment,operatingExpenses,investmentIncomeNet,netInterestIncome,interestIncome,interestExpense,nonInterestIncome,otherNonOperatingIncome,depreciation,depreciationAndAmortization,incomeBeforeTax,incomeTaxExpense,interestAndDebtExpense,netIncomeFromContinuingOperations,comprehensiveIncomeNetOfTax,ebit,ebitda,netIncome
RTIX,2020-12-31,USD,12770000,25397000,13666000,13666000,-118575000,27295000,2183000,131096000,0,-31000,None,31000,25428000,None,2493000,None,-100035000,6000,31000,-118056000,-99838000,-118575000,None,-100041000
RTIX,2020-09-30,USD,16034000,162567000,-34030000,11892000,-26695000,27754000,2208000,42729000,21000,6775000,21000,-6775000,155792000,42000,758000,None,126029000,3345000,-4089000,-26653000,122576000,-26695000,None,122684000
RTIX,2020-06-30,USD,23132000,48470000,31093000,31093000,-23487000,37066000,3274000,46619000,21000,-5972000,21000,5972000,54442000,-18375000,1880000,None,-41862000,-3298000,5972000,-38564000,-38266000,-23487000,None,-38564000
RTIX,2020-03-31,USD,40453000,69915000,33273000,33273000,-17641000,39217000,4282000,58094000,50000,-3565000,50000,3565000,73480000,-196000,1766000,None,-21402000,-3539000,3565000,-17863000,-18233000,-17641000,None,-17863000
RTIX,2019-12-31,USD,43891000,-151595000,33318000,33318000,-173090000,49692000,4361000,219979000,0,-3614000,None,3614000,-147981000,None,3244000,None,-176715000,21732000,3614000,-198447000,-197678000,-173090000,None,-198447000
RTIX,2019-09-30,USD,41487000,148462000,34642000,34642000,-3100000,37107000,4271000,44587000,4000,-3718000,4000,3718000,152180000,None,2898000,None,-6892000,-2040000,3718000,-4852000,-5974000,-3100000,None,-4852000
RTIX,2019-06-30,USD,44745000,160960000,37562000,37562000,1521000,38993000,3868000,43224000,26000,-3635000,26000,3635000,164595000,None,2800000,None,-2107000,-2851000,3635000,744000,1139000,1521000,None,744000
RTIX,2019-03-31,USD,38004000,137832000,31737000,31737000,-7187000,31883000,4336000,45191000,131000,-1604000,131000,1604000,139436000,100000,2739000,None,-8691000,396000,1604000,-9087000,-9480000,-7187000,None,-9087000
