SYMBOL,fiscalDateEnding,reportedCurrency,grossProfit,totalRevenue,costOfRevenue,costofGoodsAndServicesSold,operatingIncome,sellingGeneralAndAdministrative,researchAndDevelopment,operatingExpenses,investmentIncomeNet,netInterestIncome,interestIncome,interestExpense,nonInterestIncome,otherNonOperatingIncome,depreciation,depreciationAndAmortization,incomeBeforeTax,incomeTaxExpense,interestAndDebtExpense,netIncomeFromContinuingOperations,comprehensiveIncomeNetOfTax,ebit,ebitda,netIncome
TEGP,2018-03-31,USD,125924000,179094000,53170000,53170000,81913000,27305000,None,0,None,None,None,29761000,None,None,None,None,121005000,6692000,None,85137000,None,150766000,None,16735000
TEGP,2017-12-31,USD,118392000,174766000,56374000,56374000,67674000,26529000,None,0,None,None,None,27809000,None,None,None,None,90279000,183476000,None,-115388000,None,118088000,None,-165377000
TEGP,2017-09-30,USD,120935000,175869000,54934000,54934000,74003000,23150000,None,0,None,None,None,24408000,None,None,None,None,183419000,12642000,None,139508000,None,207827000,None,15866000
TEGP,2017-06-30,USD,111465000,160863000,49398000,49398000,66944000,22246000,None,0,None,None,None,21114000,None,None,None,None,88843000,9676000,None,51494000,None,109957000,None,8753000
TEGP,2017-03-31,USD,105624000,144400000,38776000,38776000,63226000,22443000,None,0,None,None,None,16017000,None,None,None,None,69902000,2664000,None,32767000,None,85919000,None,12029000
TEGP,2016-12-31,USD,98189000,155671000,57482000,57482000,69028000,17400000,None,0,None,None,None,14326000,None,None,None,None,62564000,4949000,None,19593000,None,76890000,None,5308000
TEGP,2016-09-30,USD,97041000,148278000,51237000,51237000,65643000,19257000,None,0,None,None,None,12157000,None,None,None,None,60203000,3209000,None,17900000,None,72360000,None,7244000
TEGP,2016-06-30,USD,98960000,145168000,46208000,46208000,56371000,19479000,None,0,None,None,None,10441000,None,None,None,None,87716000,6792000,None,22375000,None,98157000,None,-237000
