SYMBOL,fiscalDateEnding,reportedCurrency,grossProfit,totalRevenue,costOfRevenue,costofGoodsAndServicesSold,operatingIncome,sellingGeneralAndAdministrative,researchAndDevelopment,operatingExpenses,investmentIncomeNet,netInterestIncome,interestIncome,interestExpense,nonInterestIncome,otherNonOperatingIncome,depreciation,depreciationAndAmortization,incomeBeforeTax,incomeTaxExpense,interestAndDebtExpense,netIncomeFromContinuingOperations,comprehensiveIncomeNetOfTax,ebit,ebitda,netIncome
UROV,2020-12-31,USD,-1038000,-1038000,None,None,-46619000,29965000,15616000,45581000,None,-1615000,None,1615000,577000,271000,None,106000,-46925000,-128000,None,-46797000,-47374000,-45310000,None,-46797000
UROV,2020-09-30,USD,-1464000,-1464000,None,None,-34933000,18933000,14536000,33469000,None,-1464000,None,1464000,None,-308000,None,89000,-35241000,-85000,None,-35156000,-35098000,-42557000,None,-35156000
UROV,2020-06-30,USD,-1486000,-1486000,None,None,-30329000,12489000,16354000,28843000,None,-1443000,None,1443000,-43000,-118000,None,77000,-30404000,90000,None,-30494000,-30451000,-31770000,None,-30494000
UROV,2020-03-31,USD,-5145000,-5145000,None,None,-51385000,16712000,29528000,46240000,None,-1086000,-1086000,1086000,None,111000,None,68000,-51308000,-48000,None,-51260000,-51202000,-31770000,None,-51260000
UROV,2019-12-31,USD,-1430000,-1430000,None,None,-41216000,16687000,23099000,39786000,None,-1401000,-1401000,1401000,-29000,-34000,None,65000,-41221000,38000,None,-41259000,-41230000,-26333000,None,-41259000
UROV,2019-09-30,USD,-581000,-581000,None,None,-25812000,7435000,17796000,25231000,None,-581000,-581000,581000,None,79000,None,59000,-25733000,8000,None,-25741000,-25833000,-26255000,None,-25741000
UROV,2019-06-30,USD,-937000,-937000,None,None,-28416000,5465000,22014000,27479000,None,-513000,-513000,513000,-424000,-190000,None,54000,-28418000,67000,None,-28485000,-28297000,-28877000,None,-28485000
UROV,2018-12-31,USD,-216000,-216000,None,None,-26377000,4862000,21299000,26161000,None,None,None,-259000,-216000,-219000,None,47000,-26380000,61000,None,-26441000,-26225000,-29253000,None,-26441000
